@techreport{faber2015historical,
  title={Historical trends in ship design efficiency},
  author={Faber, Jasper and Hoen, Maarten and Vergeer, Robert and Calleya, John},
  year={2015},
  institution={CE Delft}
}

@article{olmer2017greenhouse,
  title={Greenhouse gas emissions from global shipping, 2013--2015 Detailed Methodology},
  author={Olmer, Naya and Comer, Bryan and Roy, Biswajoy and Mao, Xiaoli and Rutherford, Dan},
  journal={International Council on Clean Transportation: Washington, DC, USA},
  pages={1--38},
  year={2017}
}

@article{assmann2015missing,
  title={Missing in action? speed optimization and slow steaming in maritime shipping},
  author={A{\ss}mann, Lisa Maria and Andersson, Jonas and Eskeland, Gunnar S},
  journal={Speed Optimization and Slow Steaming in Maritime Shipping (March 12, 2015). NHH Dept. of Business and Management Science Discussion Paper},
  number={2015/13},
  year={2015}
}

@article{ollila2022effect,
  title={Effect of Fuel Price on Sailing Speeds in Short-Sea Shipping},
  author={Ollila, Saana and Merkel, Axel and Bratt B{\"o}rjesson, Maria},
  journal={Available at SSRN 4213522},
  year={2022}
}

@article{adland2018dynamic,
  title={Dynamic speed choice in bulk shipping},
  author={Adland, Roar and Jia, Haiying},
  journal={Maritime Economics \& Logistics},
  volume={20},
  number={2},
  pages={253--266},
  year={2018},
  publisher={Springer}
}

@article{brancaccio2018impact,
  title={The impact of oil prices on world trade},
  author={Brancaccio, Giulia and Kalouptsidi, Myrto and Papageorgiou, Theodore},
  journal={Review of International Economics},
  year={2018},
  publisher={Wiley Online Library}
}

@article{brancaccio2020geography,
  title={Geography, transportation, and endogenous trade costs},
  author={Brancaccio, Giulia and Kalouptsidi, Myrto and Papageorgiou, Theodore},
  journal={Econometrica},
  volume={88},
  number={2},
  pages={657--691},
  year={2020},
  publisher={Wiley Online Library}
}

@article{kalouptsidi2014time,
  title={Time to build and fluctuations in bulk shipping},
  author={Kalouptsidi, Myrto},
  journal={American Economic Review},
  volume={104},
  number={2},
  pages={564--608},
  year={2014}
}

@inproceedings{uge2020estimation,
  title={Estimation of worldwide ship emissions using AIS signals},
  author={Ug{\'e}, Constance and Scheidweiler, Tina and Jahn, Carlos},
  booktitle={2020 European Navigation Conference (ENC)},
  pages={1--10},
  year={2020},
  organization={IEEE}
}

@article{johansson2017global,
  title={Global assessment of shipping emissions in 2015 on a high spatial and temporal resolution},
  author={Johansson, Lasse and Jalkanen, Jukka-Pekka and Kukkonen, Jaakko},
  journal={Atmospheric Environment},
  volume={167},
  pages={403--415},
  year={2017},
  publisher={Elsevier}
}

@article{jalkanen2009modelling,
  title={A modelling system for the exhaust emissions of marine traffic and its application in the Baltic Sea area},
  author={Jalkanen, J-P and Brink, Anders and Kalli, Juha and Pettersson, Heidi and Kukkonen, Jussi and Stipa, Tapani},
  journal={Atmospheric Chemistry and Physics},
  volume={9},
  number={23},
  pages={9209--9223},
  year={2009},
  publisher={Copernicus GmbH}
}

@article{faber2020fourth,
  title = {{Fourth IMO greenhouse gas study}},
  author = {Faber, J and Hanayama, S and Zhang, S and Pereda, P and Comer, B and Hauerhof, E and Yuan, H},
  year = {2020},
  note = {Online, accessed 11. Jul. 2021},
  url = {https://www.imo.org/en/OurWork/Environment/Pages/Fourth-IMO-Greenhouse-Gas-Study-2020.aspx}
}

@article{van2018spatially,
  title={A spatially explicit data-driven approach to calculating commodity-specific shipping emissions per vessel},
  author={van der Loeff, Wendela Schim and Godar, Javier and Prakash, Vishnu},
  journal={Journal of Cleaner Production},
  volume={205},
  pages={895--908},
  year={2018},
  publisher={Elsevier}
}

@inproceedings{unctad2017review,
  title={Review of Maritime Transport 2017},
  author={{United Nations Conference on Trade and Development}},
  shortauthor = {UNCTAD},
  year={2017},
  organization={United Nations Geneva}
}