@article{ren2022container,
  title={Container Ship Carbon and Fuel Estimation in Voyages Utilizing Meteorological Data with Data Fusion and Machine Learning Techniques},
  author={Ren, Feiyang and Wang, Shaohan and Liu, Yuanzhe and Han, Yi and others},
  journal={Mathematical Problems in Engineering},
  volume={2022},
  year={2022},
  publisher={Hindawi}
}

@article{moreno2019comparative,
  title={Comparative analysis between different methods for calculating on-board ship's emissions and energy consumption based on operational data},
  author={Moreno-Guti{\'e}rrez, Juan and P{\'a}jaro-Vel{\'a}zquez, Emilio and Amado-S{\'a}nchez, Yolanda and Rodr{\'\i}guez-Moreno, Rub{\'e}n and Calderay-Cayetano, F{\'a}tima and Dur{\'a}n-Grados, Vanesa},
  journal={Science of the Total Environment},
  volume={650},
  pages={575--584},
  year={2019},
  publisher={Elsevier}
}


@article{deng2023review,
  title={A review on carbon emissions of global shipping},
  author={Deng, Shiyu and Mi, Zhifu},
  journal={Marine Development},
  volume={1},
  number={1},
  pages={4},
  year={2023},
  publisher={Springer}
}

@article{millefiori2021covid,
  title={COVID-19 impact on global maritime mobility},
  author={Millefiori, Leonardo M and Braca, Paolo and Zissis, Dimitris and Spiliopoulos, Giannis and Marano, Stefano and Willett, Peter K and Carniel, Sandro},
  journal={Scientific reports},
  volume={11},
  number={1},
  pages={18039},
  year={2021},
  publisher={Nature Publishing Group UK London}
}

@article{duran2020calculating,
  title={Calculating a drop in carbon emissions in the Strait of Gibraltar (Spain) from domestic shipping traffic caused by the COVID-19 crisis},
  author={Dur{\'a}n-Grados, Vanessa and Amado-S{\'a}nchez, Yolanda and Calderay-Cayetano, F{\'a}tima and Rodr{\'\i}guez-Moreno, Rub{\'e}n and P{\'a}jaro-Vel{\'a}zquez, Emilio and Ram{\'\i}rez-S{\'a}nchez, Antonio and Sousa, Sofia IV and Nunes, Rafael AO and Alvim-Ferraz, Maria CM and Moreno-Guti{\'e}rrez, Juan},
  journal={Sustainability},
  volume={12},
  number={24},
  pages={10368},
  year={2020},
  publisher={MDPI}
}

@article{chen2023effects,
  title={Effects of COVID-19 on passenger shipping activities and emissions: Empirical analysis of passenger ships in Danish waters},
  author={Chen, Qiong and Ge, Ying-En and Lau, Yui-yip and Dulebenets, Maxim A and Sun, Xiaodong and Kawasaki, Tomoya and Mellalou, Abderrahman and Tao, Xuezong},
  journal={Maritime Policy \& Management},
  volume={50},
  number={6},
  pages={776--796},
  year={2023},
  publisher={Taylor \& Francis}
}


@article{mujal2022covid,
  title={COVID-19 impact on maritime traffic and corresponding pollutant emissions. The case of the Port of Barcelona},
  author={Mujal-Colilles, Anna and Guarasa, Javier Nieto and Fonollosa, Jordi and Llull, Toni and Castells-Sanabra, Marcella},
  journal={Journal of environmental management},
  volume={310},
  pages={114787},
  year={2022},
  publisher={Elsevier}
}


@article{ju2021impact,
  title={The impact of shipping CO2 emissions from marine traffic in Western Singapore Straits during COVID-19},
  author={Ju, Yuting and Hargreaves, Carol Anne},
  journal={Science of The Total Environment},
  volume={789},
  pages={148063},
  year={2021},
  publisher={Elsevier}
}

@article{xu2023impacts,
  title={Impacts of the COVID-19 epidemic on carbon emissions from international shipping},
  author={Xu, Lang and Yang, Zhihui and Chen, Jihong and Zou, Zeyuan},
  journal={Marine Pollution Bulletin},
  volume={189},
  pages={114730},
  year={2023},
  publisher={Elsevier}
}

@book{cerdeiro2020world,
  title={World seaborne trade in real time: A proof of concept for building AIS-based nowcasts from scratch},
  author={Cerdeiro, Diego A and Cerdeiro, Mr Diego A and Komaromi, Andras and Liu, Yang and Saeed, Mamoon},
  number={20-57},
  year={2020},
  publisher={International Monetary Fund}
}

@book{arslanalp2019big,
  title={Big data on vessel traffic: Nowcasting trade flows in real time},
  author={Arslanalp, Mr Serkan and Marini, Mr Marco and Tumbarello, Ms Patrizia},
  year={2019},
  publisher={International Monetary Fund}
}

@book{pandis2022nowcasting,
  title={Nowcasting CO2 Emissions: early estimates or “nowcasts” for monitoring changes in greenhouse gas emissions (GHGs)},
  author={Pandis Iveroth, Sofie and McKinnon, David and Tuomisto, Jouni and Wetterstedt, Martin and Persson, Agneta},
  year={2022},
  publisher={Nordic Council of Ministers}
}

@article{yang2024harnessing,
  title={Harnessing the power of Machine learning for AIS Data-Driven maritime Research: A comprehensive review},
  author={Yang, Ying and Liu, Yang and Li, Guorong and Zhang, Zekun and Liu, Yanbin},
  journal={Transportation Research Part E: Logistics and Transportation Review},
  volume={183},
  pages={103426},
  year={2024},
  publisher={Elsevier}
}


@article{monisha2023step,
  title={A Step Towards Imo Greenhouse Gas Reduction Goal: Effectiveness of Machine Learning Based Co2 Emission Prediction Model},
  author={Monisha, Ishrar Israil and Mehtaj, Nafisa and Awal, Zobair Ibn},
  journal={Available at SSRN 4445120},
  year={2023}
}

@mastersthesis{jebsen2020estimating,
  title={Estimating vessel environmental performance: a machine learning approach for predicting vessel fuel consumption and transparently quantifying the environmental sustainability impact of vessel exhaust gases},
  author={Jebsen, Fridtjof Gustav and Mathiesen, Sander Skogsrud},
  year={2020}
}

@article{yan2023analysis,
  title={Analysis and prediction of ship energy efficiency based on the MRV system},
  author={Yan, Ran and Mo, Haoyu and Wang, Shuaian and Yang, Dong},
  journal={Maritime Policy \& Management},
  volume={50},
  number={1},
  pages={117--139},
  year={2023},
  publisher={Taylor \& Francis}
}

@misc{fridell2018transport,
  title={Transport work and emissions in MRV: methods and potential use of data},
  author={Fridell, Erik and Sk{\"o}ld, Sara and B{\"a}ckstr{\"o}m, Sebastian},
  year={2018},
  publisher={IVL Svenska Milj{\"o}institutet}
}

@article{mou2024carbon,
  title={Carbon footprints: Uncovering multilevel spatiotemporal changes of ship emissions during 2019--2021 in the US},
  author={Mou, Naixia and Zhang, Xianghao and Yang, Tengfei and Xu, Huanqing and Zheng, Yunhao and Wang, Jinhua and Niu, Jiqiang},
  journal={Science of The Total Environment},
  volume={912},
  pages={169395},
  year={2024},
  publisher={Elsevier}
}

@article{ventikosdevelopment,
  title={Development of a tool for calculating ship air emissions},
  author={Ventikos, N and Kalogeropoulos, I and Louzis, K and Stamatopoulou, E},
  year={2021}
}

@article{rony2017ensuring,
  title={Ensuring the effective implementation of the monitoring, reporting and verification (MRV) system in shipping: a step towards making energy-efficiency happen},
  author={Rony, Abu Hasan},
  year={2017}
}

@article{hu2019prediction,
  title={Prediction of fuel consumption for enroute ship based on machine learning},
  author={Hu, Zhihui and Jin, Yongxin and Hu, Qinyou and Sen, Sukanta and Zhou, Tianrui and Osman, Mohd Tarmizi},
  journal={IEEE Access},
  volume={7},
  pages={119497--119505},
  year={2019},
  publisher={IEEE}
}

@article{ay2022quantifying,
  title={Quantifying ship-borne emissions in Istanbul Strait with bottom-up and machine-learning approaches},
  author={Ay, Cenk and Seyhan, Alper and Be{\c{s}}ik{\c{c}}i, Elif Bal},
  journal={Ocean Engineering},
  volume={258},
  pages={111864},
  year={2022},
  publisher={Elsevier}
}

@article{fletcher2018application,
  title={An application of machine learning to shipping emission inventory},
  author={Fletcher, Tom and Garaniya, Vikram and Chai, Shuhong and Abbassi, Rouzbeh and Brown, RJ and Yu, H and Van, TC and Khan, Faisal},
  journal={International Journal of Maritime Engineering},
  volume={160},
  number={A4},
  year={2018}
}

@article{guo2022combined,
  title={Combined machine learning and physics-based models for estimating fuel consumption of cargo ships},
  author={Guo, Bingjie and Liang, Qin and Tvete, Hans Anton and Brinks, Hendrik and Vanem, Erik},
  journal={Ocean Engineering},
  volume={255},
  pages={111435},
  year={2022},
  publisher={Elsevier}
}

@article{clarke2023co2,
  title={CO2 emissions from global shipping: A new experimental database},
  author={Clarke, Daniel and Chan, Philip and Dequeljoe, Matthew and Kim, Yuri and Barahona, Sarah},
  year={2023},
  publisher={OECD}
}

@article{rony2019exploring,
  title={Exploring the new policy framework of environmental performance management for shipping: a pilot study},
  author={Rony, Abu Hasan and Kitada, Momoko and Dalaklis, Dimitrios and {\"O}l{\c{c}}er, Aykut I and Ballini, Fabio},
  journal={WMU Journal of Maritime Affairs},
  volume={18},
  pages={1--24},
  year={2019},
  publisher={Springer}
}

@article{luo2023after,
  title={After five years’ application of the European Union monitoring, reporting, and verification (MRV) mechanism: Review and prospectives},
  author={Luo, Xi and Yan, Ran and Wang, Shuaian},
  journal={Journal of Cleaner Production},
  pages={140006},
  year={2023},
  publisher={Elsevier}
}

@article{lundkvist2023can,
  title={Can targeted disclosure regulations facilitate the environmental transition of the shipping sector?},
  author={Lundkvist, Moa},
  year={2023},
  publisher={SLU, Dept. of Economics}
}

@article{castells2020existing,
  title={Existing emission calculation methods applied to monitoring, reporting and verification (mrv) on board},
  author={Castells-Sanabra, Marcella and Bor{\'e}n, Clara},
  journal={NA{\v{S}}E MORE: znanstveni {\v{c}}asopis za more i pomorstvo},
  volume={67},
  number={2},
  pages={163--171},
  year={2020},
  publisher={Sveu{\v{c}}ili{\v{s}}te u Dubrovniku}
}

@article{doundoulakis2022comparative,
  title={Comparative analysis of fuel consumption and CO2 emission estimation based on ships activity and reported fuel consumption: The case of short sea shipping in Crete},
  author={Doundoulakis, Emmanouil and Papaefthimiou, Spiros},
  journal={Greenhouse Gases: Science and Technology},
  volume={12},
  number={5},
  pages={629--641},
  year={2022},
  publisher={Wiley Online Library}
}

@article{panagakos2019monitoring,
  title={Monitoring the carbon footprint of dry bulk shipping in the EU: An early assessment of the MRV regulation},
  author={Panagakos, George and Pess{\^o}a, Thiago de Sousa and Dessypris, Nick and Barfod, Michael Bruhn and Psaraftis, Harilaos N},
  journal={Sustainability},
  volume={11},
  number={18},
  pages={5133},
  year={2019},
  publisher={MDPI}
}

@inproceedings{wu2023evaluation,
  title={Evaluation of Vessel CO2 Emissions Methods using AIS Trajectories},
  author={Wu, Song and Torp, Kristian and Sakr, Mahmoud and Zim{\'a}nyi, Esteban},
  booktitle={Proceedings of the 18th International Symposium on Spatial and Temporal Data},
  pages={65--74},
  year={2023}
}

@inproceedings{hensel2020green,
  title={Green shipping: using AIS data to assess global emissions},
  author={Hensel, Tina and Ug{\'e}, Constance and Jahn, Carlos},
  booktitle={Sustainability Management Forum| NachhaltigkeitsManagementForum},
  volume={28},
  number={1-2},
  pages={39--47},
  year={2020},
  organization={Springer}
}

@inproceedings{mannarini2020eu,
  title={EU-MRV: An analysis of 2018’s Ro-Pax CO 2 data},
  author={Mannarini, Gianandrea and Carelli, Lorenzo and Salhi, Amal},
  booktitle={2020 21st IEEE International Conference on Mobile Data Management (MDM)},
  pages={287--292},
  year={2020},
  organization={IEEE}
}

@article{wang2023ship,
  title={Ship Fuel and Carbon Emission Estimation Utilizing Artificial Neural Network and Data Fusion Techniques},
  author={Wang, Shaohan and Wang, Xinbo and Han, Yi and Wang, Xiangyu and Jiang, He and Zhang, Zhexi},
  journal={Journal of Software Engineering and Applications},
  volume={16},
  number={3},
  pages={51--72},
  year={2023},
  publisher={Scientific Research Publishing}
}

@inproceedings{chen2022research,
  title={Research on Ship Carbon Emission Statistical Optimization Based on MRV Rules},
  author={Chen, Pu and Zheng, Hailin and Wu, Bin},
  booktitle={International Conference on Computer and Communication Engineering},
  pages={139--147},
  year={2022},
  organization={Springer}
}

@article{liu2019emissions,
  title={Emissions and health impacts from global shipping embodied in US--China bilateral trade},
  author={Liu, Huan and Meng, Zhi-Hang and Lv, Zhao-Feng and Wang, Xiao-Tong and Deng, Fan-Yuan and Liu, Yang and Zhang, Yan-Ni and Shi, Meng-Shuang and Zhang, Qiang and He, Ke-Bin},
  journal={Nature Sustainability},
  volume={2},
  number={11},
  pages={1027--1033},
  year={2019},
  publisher={Nature Publishing Group}
}

@article{shapiro2016trade,
  title={Trade costs, CO 2, and the environment},
  author={Shapiro, Joseph S},
  journal={American Economic Journal: Economic Policy},
  volume={8},
  number={4},
  pages={220--54},
  year={2016}
}

@article{cristea2013trade,
  title={Trade and the greenhouse gas emissions from international freight transport},
  author={Cristea, Anca and Hummels, David and Puzzello, Laura and Avetisyan, Misak},
  journal={Journal of environmental economics and management},
  volume={65},
  number={1},
  pages={153--173},
  year={2013},
  publisher={Elsevier}
}

@article{wang2021trade,
  title={Trade-linked shipping CO2 emissions},
  author={Wang, Xiao-Tong and Liu, Huan and Lv, Zhao-Feng and Deng, Fan-Yuan and Xu, Hai-Lian and Qi, Li-Juan and Shi, Meng-Shuang and Zhao, Jun-Chao and Zheng, Song-Xin and Man, Han-Yang and others},
  journal={Nature Climate Change},
  volume={11},
  number={11},
  pages={945--951},
  year={2021},
  publisher={Nature Publishing Group}
}

@article{oecd21,
	author = {Christine Arriola and Przemyslaw Kowalski and Frank van Tongeren},
	date-added = {2023-01-13 10:16:14 -0800},
	date-modified = {2023-01-13 10:18:26 -0800},
	doi = {https://doi.org/https://doi.org/10.1787/0b8eaafe-en},
	journal = {OECD Trade Policy Papers, No. 252, OECD Publishing, Paris},
	number = {252},
	title = {The impact of COVID-19 on directions and structure of international trade},
	url = {https://www.oecd-ilibrary.org/content/paper/0b8eaafe-en},
	year = {2021},
	bdsk-url-1 = {https://www.oecd-ilibrary.org/content/paper/0b8eaafe-en},
	bdsk-url-2 = {https://doi.org/https://doi.org/10.1787/0b8eaafe-en}}

@techreport{faber2015historical,
	author = {Faber, Jasper and Hoen, Maarten and Vergeer, Robert and Calleya, John},
	institution = {CE Delft},
	title = {Historical trends in ship design efficiency},
	year = {2015}}

@article{olmer2017greenhouse,
	author = {Olmer, Naya and Comer, Bryan and Roy, Biswajoy and Mao, Xiaoli and Rutherford, Dan},
	journal = {International Council on Clean Transportation: Washington, DC, USA},
	pages = {1--38},
	title = {Greenhouse gas emissions from global shipping, 2013--2015 Detailed Methodology},
	year = {2017}}

@article{assmann2015missing,
	author = {A{\ss}mann, Lisa Maria and Andersson, Jonas and Eskeland, Gunnar S},
	journal = {Speed Optimization and Slow Steaming in Maritime Shipping (March 12, 2015). NHH Dept. of Business and Management Science Discussion Paper},
	number = {2015/13},
	title = {Missing in action? speed optimization and slow steaming in maritime shipping},
	year = {2015}}

@article{ollila2022effect,
	author = {Ollila, Saana and Merkel, Axel and Bratt B{\"o}rjesson, Maria},
	journal = {Available at SSRN 4213522},
	title = {Effect of Fuel Price on Sailing Speeds in Short-Sea Shipping},
	year = {2022}}

@article{adland2018dynamic,
	author = {Adland, Roar and Jia, Haiying},
	journal = {Maritime Economics \& Logistics},
	number = {2},
	pages = {253--266},
	publisher = {Springer},
	title = {Dynamic speed choice in bulk shipping},
	volume = {20},
	year = {2018}}

@article{brancaccio2018impact,
	author = {Brancaccio, Giulia and Kalouptsidi, Myrto and Papageorgiou, Theodore},
	journal = {Review of International Economics},
	publisher = {Wiley Online Library},
	title = {The impact of oil prices on world trade},
	year = {2018}}

@article{brancaccio2020geography,
	author = {Brancaccio, Giulia and Kalouptsidi, Myrto and Papageorgiou, Theodore},
	journal = {Econometrica},
	number = {2},
	pages = {657--691},
	publisher = {Wiley Online Library},
	title = {Geography, transportation, and endogenous trade costs},
	volume = {88},
	year = {2020}}

@article{kalouptsidi2014time,
	author = {Kalouptsidi, Myrto},
	journal = {American Economic Review},
	number = {2},
	pages = {564--608},
	title = {Time to build and fluctuations in bulk shipping},
	volume = {104},
	year = {2014}}

@inproceedings{uge2020estimation,
	author = {Ug{\'e}, Constance and Scheidweiler, Tina and Jahn, Carlos},
	booktitle = {2020 European Navigation Conference (ENC)},
	organization = {IEEE},
	pages = {1--10},
	title = {Estimation of worldwide ship emissions using AIS signals},
	year = {2020}}

@article{johansson2017global,
	author = {Johansson, Lasse and Jalkanen, Jukka-Pekka and Kukkonen, Jaakko},
	journal = {Atmospheric Environment},
	pages = {403--415},
	publisher = {Elsevier},
	title = {Global assessment of shipping emissions in 2015 on a high spatial and temporal resolution},
	volume = {167},
	year = {2017}}

@article{jalkanen2009modelling,
	author = {Jalkanen, J-P and Brink, Anders and Kalli, Juha and Pettersson, Heidi and Kukkonen, Jussi and Stipa, Tapani},
	journal = {Atmospheric Chemistry and Physics},
	number = {23},
	pages = {9209--9223},
	publisher = {Copernicus GmbH},
	title = {A modelling system for the exhaust emissions of marine traffic and its application in the Baltic Sea area},
	volume = {9},
	year = {2009}}

@article{faber2020fourth,
	author = {Faber, J and Hanayama, S and Zhang, S and Pereda, P and Comer, B and Hauerhof, E and Yuan, H},
	note = {Online, accessed 11. Jul. 2021},
	title = {{Fourth IMO greenhouse gas study}},
	url = {https://www.imo.org/en/OurWork/Environment/Pages/Fourth-IMO-Greenhouse-Gas-Study-2020.aspx},
	year = {2020},
	bdsk-url-1 = {https://www.imo.org/en/OurWork/Environment/Pages/Fourth-IMO-Greenhouse-Gas-Study-2020.aspx}}

@article{van2018spatially,
	author = {van der Loeff, Wendela Schim and Godar, Javier and Prakash, Vishnu},
	journal = {Journal of Cleaner Production},
	pages = {895--908},
	publisher = {Elsevier},
	title = {A spatially explicit data-driven approach to calculating commodity-specific shipping emissions per vessel},
	volume = {205},
	year = {2018}}

@inproceedings{unctad2017review,
	author = {{United Nations Conference on Trade and Development}},
	organization = {United Nations Geneva},
	shortauthor = {UNCTAD},
	title = {Review of Maritime Transport 2017},
	year = {2017}}
